<?xml version="1.0" encoding="UTF-8"?>
<record xmlns="http://www.loc.gov/MARC21/slim">
  <leader>01228nam a2200325Ia 4500</leader>
  <controlfield tag="001">3574025</controlfield>
  <controlfield tag="005">20100827154900.0</controlfield>
  <controlfield tag="008">780717s1838    nyu           000 0 eng  </controlfield>
  <datafield tag="010" ind1=" " ind2=" ">
    <subfield code="a">   02017739 </subfield>
  </datafield>
  <datafield tag="019" ind1=" " ind2=" ">
    <subfield code="a">20648074</subfield>
    <subfield code="a">191249472</subfield>
  </datafield>
  <datafield tag="035" ind1=" " ind2=" ">
    <subfield code="a">(OCoLC)4058331</subfield>
    <subfield code="z">(OCoLC)20648074</subfield>
    <subfield code="z">(OCoLC)191249472</subfield>
  </datafield>
  <datafield tag="035" ind1=" " ind2=" ">
    <subfield code="a">ocm04058331</subfield>
  </datafield>
  <datafield tag="040" ind1=" " ind2=" ">
    <subfield code="a">DLC</subfield>
    <subfield code="c">BOS</subfield>
    <subfield code="d">BOS</subfield>
    <subfield code="d">HHG</subfield>
    <subfield code="d">OCL</subfield>
    <subfield code="d">OCLCQ</subfield>
    <subfield code="d">OBE</subfield>
    <subfield code="d">OCLCG</subfield>
    <subfield code="d">AQM</subfield>
  </datafield>
  <datafield tag="043" ind1=" " ind2=" ">
    <subfield code="a">nw-----</subfield>
    <subfield code="a">nwaq---</subfield>
    <subfield code="a">nwbb---</subfield>
    <subfield code="a">nwjm---</subfield>
  </datafield>
  <datafield tag="049" ind1=" " ind2=" ">
    <subfield code="a">BRLL</subfield>
  </datafield>
  <datafield tag="050" ind1=" " ind2="4">
    <subfield code="a">HT1093</subfield>
    <subfield code="b">.T46e</subfield>
  </datafield>
  <datafield tag="082" ind1="0" ind2="4">
    <subfield code="a">326.5</subfield>
    <subfield code="b">An87, no.7</subfield>
  </datafield>
  <datafield tag="099" ind1=" " ind2=" ">
    <subfield code="a">4270a.57</subfield>
  </datafield>
  <datafield tag="100" ind1="1" ind2=" ">
    <subfield code="a">Thome, James A.</subfield>
    <subfield code="q">(James Armstrong),</subfield>
    <subfield code="d">1813-1873.</subfield>
  </datafield>
  <datafield tag="245" ind1="1" ind2="0">
    <subfield code="a">Emancipation in the West Indies. :</subfield>
    <subfield code="b">a six months&apos; tour in Antigua, Barbadoes, and Jamaica, in the year 1837.</subfield>
    <subfield code="c">by Jas. A. Thome, and J. Horace Kimball.</subfield>
  </datafield>
  <datafield tag="260" ind1=" " ind2=" ">
    <subfield code="a">New York :</subfield>
    <subfield code="b">American Anti-Slavery Society,</subfield>
    <subfield code="c">1838.</subfield>
  </datafield>
  <datafield tag="300" ind1=" " ind2=" ">
    <subfield code="a">128 p. ;</subfield>
    <subfield code="c">24 cm.</subfield>
  </datafield>
  <datafield tag="490" ind1="1" ind2=" ">
    <subfield code="a">The Anti-slavery examiner,</subfield>
    <subfield code="v">no. 7</subfield>
  </datafield>
  <datafield tag="650" ind1=" " ind2="0">
    <subfield code="a">Slaves</subfield>
    <subfield code="x">Emancipation</subfield>
    <subfield code="z">West Indies.</subfield>
  </datafield>
  <datafield tag="651" ind1=" " ind2="0">
    <subfield code="a">Antigua</subfield>
    <subfield code="x">Description and travel.</subfield>
  </datafield>
  <datafield tag="651" ind1=" " ind2="0">
    <subfield code="a">Barbados</subfield>
    <subfield code="x">Description and travel.</subfield>
  </datafield>
  <datafield tag="651" ind1=" " ind2="0">
    <subfield code="a">Jamaica</subfield>
    <subfield code="x">Description and travel.</subfield>
  </datafield>
  <datafield tag="700" ind1="1" ind2=" ">
    <subfield code="a">Kimball, J. Horace</subfield>
    <subfield code="q">(Joseph Horace),</subfield>
    <subfield code="d">1813-1838.</subfield>
  </datafield>
  <datafield tag="830" ind1=" " ind2="0">
    <subfield code="a">Anti-slavery examiner ;</subfield>
    <subfield code="v">no. 7.</subfield>
  </datafield>
  <datafield tag="994" ind1=" " ind2=" ">
    <subfield code="a">C0</subfield>
    <subfield code="b">BRL</subfield>
  </datafield>
</record>
